<record><leader>00000cas a22000007a 4500</leader><controlfield tag="001">17924549</controlfield><controlfield tag="008">880509d19581960txuwr ne      0    0eng d</controlfield><datafield ind1=" " ind2=" " tag="010"><subfield code="a">sn 88083422 </subfield></datafield><datafield ind1=" " ind2=" " tag="040"><subfield code="a">PPM</subfield><subfield code="b">eng</subfield><subfield code="c">PPM</subfield><subfield code="d">OCLCQ</subfield></datafield><datafield ind1=" " ind2=" " tag="042"><subfield code="a">msc</subfield></datafield><datafield ind1="0" ind2=" " tag="130"><subfield code="a">Bulletin (Castroville, Tex. : 1958)</subfield></datafield><datafield ind1="1" ind2="4" tag="245"><subfield code="a">The bulletin.</subfield></datafield><datafield ind1=" " ind2=" " tag="260"><subfield code="a">Castroville, Tex. :</subfield><subfield code="b">Joe L. Schott,</subfield><subfield code="c">1958-1960.</subfield></datafield><datafield ind1=" " ind2=" " tag="310"><subfield code="a">Weekly</subfield></datafield><datafield ind1="0" ind2=" " tag="362"><subfield code="a">Vol. 1, no. 1 (May 28, 1958)-v. 2, no. 36 (Jan. 27, 1960).</subfield></datafield><datafield ind1=" " ind2=" " tag="752"><subfield code="a">United States</subfield><subfield code="b">Texas</subfield><subfield code="c">Medina</subfield><subfield code="d">Castroville.</subfield></datafield><datafield ind1="0" ind2="0" tag="785"><subfield code="t">Medina Valley &amp; county news bulletin</subfield></datafield></record>